<?xml version="1.0" encoding="UTF-8"?><collection xmlns="http://www.loc.gov/MARC21/slim"><record><leader>00354nam--2200133-i-4500</leader><controlfield tag="001">000035297</controlfield><controlfield tag="002">20161230</controlfield><controlfield tag="005">20161230201040</controlfield><controlfield tag="008">060222s1000------------r-----000-0-eng-d</controlfield><datafield ind1=" " ind2=" " tag="245"><subfield code="a">Nuclear power, year book and buyer`s guide.1957</subfield></datafield><datafield ind1=" " ind2=" " tag="260"><subfield code="a">London, Rowse Muir Publ. 500p</subfield></datafield><datafield ind1=" " ind2=" " tag="490"><subfield code="a">Philips-year Book 1957/1958</subfield></datafield><datafield ind1=" " ind2=" " tag="700"><subfield code="a">Davidson, W</subfield></datafield><datafield ind1=" " ind2=" " tag="852"><subfield code="a">D.2029</subfield></datafield></record></collection>